<record><leader>00000cas a22000007a 4500</leader><controlfield tag="001">14576200</controlfield><controlfield tag="008">861030d17771778pauwr ne      0    0ger d</controlfield><datafield ind1=" " ind2=" " tag="010"><subfield code="a">sn 87052052 </subfield></datafield><datafield ind1=" " ind2=" " tag="040"><subfield code="a">NPH</subfield><subfield code="b">eng</subfield><subfield code="c">NPH</subfield><subfield code="d">NPX</subfield><subfield code="d">DLC</subfield><subfield code="d">OCLCG</subfield><subfield code="d">OCLCQ</subfield></datafield><datafield ind1="0" ind2=" " tag="041"><subfield code="a">ger</subfield><subfield code="a">eng</subfield></datafield><datafield ind1=" " ind2=" " tag="042"><subfield code="a">msc</subfield></datafield><datafield ind1="0" ind2="0" tag="050"><subfield code="a">Newspaper</subfield></datafield><datafield ind1="0" ind2="4" tag="245"><subfield code="a">Der Pennsylvanische Staats-Courier, oder, Einlaufende wo&#776;chentliche Nachrichten.</subfield></datafield><datafield ind1="3" ind2="0" tag="246"><subfield code="a">Einlaufende wo&#776;chentliche Nachrichten</subfield></datafield><datafield ind1=" " ind2=" " tag="260"><subfield code="a">Philadelphia, Pa. :</subfield><subfield code="b">Christoph Saur und Peter Saur [i.e. Christopher Sower and Peter Sower]</subfield></datafield><datafield ind1=" " ind2=" " tag="300"><subfield code="a">volumes ;</subfield><subfield code="c">41 cm</subfield></datafield><datafield ind1=" " ind2=" " tag="310"><subfield code="a">Weekly</subfield></datafield><datafield ind1=" " ind2=" " tag="336"><subfield code="a">text</subfield><subfield code="b">txt</subfield><subfield code="2">rdacontent</subfield></datafield><datafield ind1=" " ind2=" " tag="337"><subfield code="a">unmediated</subfield><subfield code="b">n</subfield><subfield code="2">rdamedia</subfield></datafield><datafield ind1=" " ind2=" " tag="338"><subfield code="a">volume</subfield><subfield code="b">nc</subfield><subfield code="2">rdacarrier</subfield></datafield><datafield ind1="1" ind2=" " tag="362"><subfield code="a">Began with Oct. 8, 1877 issue; ceased with June 17, 1778 issue.</subfield></datafield><datafield ind1=" " ind2=" " tag="546"><subfield code="a">In German, with an advertisement of the printers in English.</subfield></datafield><datafield ind1=" " ind2=" " tag="588"><subfield code="a">Description based on: Nr. 733 (11. Feb. 1778).</subfield></datafield><datafield ind1="1" ind2=" " tag="700"><subfield code="a">Sower, Christopher,</subfield><subfield code="d">1754-1799.</subfield></datafield><datafield ind1="1" ind2=" " tag="700"><subfield code="a">Sower, Peter,</subfield><subfield code="d">1759-1785.</subfield></datafield><datafield ind1=" " ind2=" " tag="752"><subfield code="a">United States</subfield><subfield code="b">Pennsylvania</subfield><subfield code="c">Philadelphia</subfield><subfield code="d">Philadelphia.</subfield></datafield><datafield ind1="0" ind2="0" tag="780"><subfield code="t">Germantowner Zeitung</subfield><subfield code="w">(OCoLC)14576140</subfield></datafield><datafield ind1="1" ind2=" " tag="029"><subfield code="a">AU@</subfield><subfield code="b">000025824172</subfield></datafield></record>